<?xml version="1.0" encoding="UTF-8"?><collection xmlns="http://www.loc.gov/MARC21/slim"><record><leader>00532nam--2200193-i-4500</leader><controlfield tag="001">000015262</controlfield><controlfield tag="002">20161230</controlfield><controlfield tag="005">20161230201031</controlfield><controlfield tag="008">060222s1000------------r-----000-0-rum-d</controlfield><datafield ind1=" " ind2=" " tag="040"><subfield code="a">IFIN-HH</subfield></datafield><datafield ind1=" " ind2=" " tag="041"><subfield code="a">rum</subfield></datafield><datafield ind1=" " ind2=" " tag="080"><subfield code="a">658.562:519.876</subfield></datafield><datafield ind1="1" ind2=" " tag="100"><subfield code="a">Catuneanu, Vasile M</subfield></datafield><datafield ind1=" " ind2=" " tag="245"><subfield code="a">Bazele teoretice ale fiabilitatii</subfield><subfield code="c">Vasile M. Catuneanu ; Adrian Mihalache</subfield></datafield><datafield ind1=" " ind2=" " tag="260"><subfield code="a">Bucuresti, Editura Academiei R.S.R., 1983</subfield></datafield><datafield ind1=" " ind2=" " tag="300"><subfield code="a">236 P</subfield></datafield><datafield ind1="1" ind2=" " tag="700"><subfield code="a">Mihalache, Adrian</subfield></datafield><datafield ind1=" " ind2=" " tag="852"><subfield code="a">71612</subfield><subfield code="c">519.2</subfield></datafield><datafield ind1=" " ind2=" " tag="CAT"><subfield code="a">Sys</subfield><subfield code="c">20100610</subfield><subfield code="h">115412</subfield></datafield></record></collection>